@article{DBLP:journals/corr/KheradpishehGTM16,
  author    = {Saeed Reza Kheradpisheh and
               Mohammad Ganjtabesh and
               Simon J. Thorpe and
               Timoth{\'{e}}e Masquelier},
  title     = {STDP-based spiking deep neural networks for object recognition},
  journal   = {CoRR},
  volume    = {abs/1611.01421},
  year      = {2016},
  url       = {http://arxiv.org/abs/1611.01421},
  archivePrefix = {arXiv},
  eprint    = {1611.01421},
  timestamp = {Mon, 13 Aug 2018 16:47:49 +0200},
  biburl    = {https://dblp.org/rec/bib/journals/corr/KheradpishehGTM16},
  bibsource = {dblp computer science bibliography, https://dblp.org}
}